@article{DBLP:journals/corr/abs-2006-04444,
  author    = {Long Zhang and
               Brice Morin and
               Benoit Baudry and
               Martin Monperrus},
  title     = {Realistic Error Injection for System Calls},
  journal   = {CoRR},
  volume    = {abs/2006.04444},
  year      = {2020},
  url       = {https://arxiv.org/abs/2006.04444},
  archivePrefix = {arXiv},
  eprint    = {2006.04444},
  timestamp = {Fri, 12 Jun 2020 14:02:57 +0200},
  biburl    = {https://dblp.org/rec/journals/corr/abs-2006-04444.bib},
  bibsource = {dblp computer science bibliography, https://dblp.org}
}

@inproceedings{DBLP:conf/sigmod/AgrawalDGI08,
  author    = {Jagrati Agrawal and
               Yanlei Diao and
               Daniel Gyllstrom and
               Neil Immerman},
  editor    = {Jason Tsong{-}Li Wang},
  title     = {Efficient pattern matching over event streams},
  booktitle = {Proceedings of the {ACM} {SIGMOD} International Conference on Management
               of Data, {SIGMOD} 2008, Vancouver, BC, Canada, June 10-12, 2008},
  pages     = {147--160},
  publisher = {{ACM}},
  year      = {2008},
  url       = {https://doi.org/10.1145/1376616.1376634},
  doi       = {10.1145/1376616.1376634},
  timestamp = {Thu, 11 Mar 2021 15:20:15 +0100},
  biburl    = {https://dblp.org/rec/conf/sigmod/AgrawalDGI08.bib},
  bibsource = {dblp computer science bibliography, https://dblp.org}
}

@article{DBLP:journals/spe/AhoKW79,
  author    = {Alfred V. Aho and
               Brian W. Kernighan and
               Peter J. Weinberger},
  title     = {Awk-A Pattern Scanning and Processing Language},
  journal   = {Softw. Pract. Exp.},
  volume    = {9},
  number    = {4},
  pages     = {267--279},
  year      = {1979},
  url       = {https://doi.org/10.1002/spe.4380090403},
  doi       = {10.1002/spe.4380090403},
  timestamp = {Thu, 09 Apr 2020 17:13:56 +0200},
  biburl    = {https://dblp.org/rec/journals/spe/AhoKW79.bib},
  bibsource = {dblp computer science bibliography, https://dblp.org}
}

@article{DBLP:journals/csur/DayarathnaP18,
  author    = {Miyuru Dayarathna and
               Srinath Perera},
  title     = {Recent Advancements in Event Processing},
  journal   = {{ACM} Comput. Surv.},
  volume    = {51},
  number    = {2},
  pages     = {33:1--33:36},
  year      = {2018},
  url       = {https://doi.org/10.1145/3170432},
  doi       = {10.1145/3170432},
  timestamp = {Wed, 21 Nov 2018 12:44:28 +0100},
  biburl    = {https://dblp.org/rec/journals/csur/DayarathnaP18.bib},
  bibsource = {dblp computer science bibliography, https://dblp.org}
}

@inproceedings{DBLP:conf/sp/ForrestHSL96,
  author    = {Stephanie Forrest and
               Steven A. Hofmeyr and
               Anil Somayaji and
               Thomas A. Longstaff},
  title     = {A Sense of Self for Unix Processes},
  booktitle = {1996 {IEEE} Symposium on Security and Privacy, May 6-8, 1996, Oakland,
               CA, {USA}},
  pages     = {120--128},
  publisher = {{IEEE} Computer Society},
  year      = {1996},
  url       = {https://doi.org/10.1109/SECPRI.1996.502675},
  doi       = {10.1109/SECPRI.1996.502675},
  timestamp = {Wed, 16 Oct 2019 14:14:51 +0200},
  biburl    = {https://dblp.org/rec/conf/sp/ForrestHSL96.bib},
  bibsource = {dblp computer science bibliography, https://dblp.org}
}

@inproceedings{DBLP:conf/uss/GiffinJM02,
  author    = {Jonathon T. Giffin and
               Somesh Jha and
               Barton P. Miller},
  editor    = {Dan Boneh},
  title     = {Detecting Manipulated Remote Call Streams},
  booktitle = {Proceedings of the 11th {USENIX} Security Symposium, San Francisco,
               CA, USA, August 5-9, 2002},
  pages     = {61--79},
  publisher = {{USENIX}},
  year      = {2002},
  url       = {http://www.usenix.org/publications/library/proceedings/sec02/giffin.html},
  timestamp = {Mon, 01 Feb 2021 08:43:15 +0100},
  biburl    = {https://dblp.org/rec/conf/uss/GiffinJM02.bib},
  bibsource = {dblp computer science bibliography, https://dblp.org}
}

@inproceedings{DBLP:conf/debs/Hirzel12,
  author    = {Martin Hirzel},
  editor    = {Fran{\c{c}}ois Bry and
               Adrian Paschke and
               Patrick Th. Eugster and
               Christof Fetzer and
               Andreas Behrend},
  title     = {Partition and compose: parallel complex event processing},
  booktitle = {Proceedings of the Sixth {ACM} International Conference on Distributed
               Event-Based Systems, {DEBS} 2012, Berlin, Germany, July 16-20, 2012},
  pages     = {191--200},
  publisher = {{ACM}},
  year      = {2012},
  url       = {https://doi.org/10.1145/2335484.2335506},
  doi       = {10.1145/2335484.2335506},
  timestamp = {Tue, 06 Nov 2018 11:07:34 +0100},
  biburl    = {https://dblp.org/rec/conf/debs/Hirzel12.bib},
  bibsource = {dblp computer science bibliography, https://dblp.org}
}

@article{DBLP:journals/ibmrd/HirzelAGJKKMNSSW13,
  author    = {Martin Hirzel and
               Henrique Andrade and
               Bugra Gedik and
               Gabriela Jacques{-}Silva and
               Rohit Khandekar and
               Vibhore Kumar and
               Mark P. Mendell and
               Howard Nasgaard and
               Scott Schneider and
               Robert Soul{\'{e}} and
               Kun{-}Lung Wu},
  title     = {{IBM} Streams Processing Language: Analyzing Big Data in motion},
  journal   = {{IBM} J. Res. Dev.},
  volume    = {57},
  number    = {3/4},
  pages     = {7},
  year      = {2013},
  url       = {https://doi.org/10.1147/JRD.2013.2243535},
  doi       = {10.1147/JRD.2013.2243535},
  timestamp = {Fri, 13 Mar 2020 10:54:39 +0100},
  biburl    = {https://dblp.org/rec/journals/ibmrd/HirzelAGJKKMNSSW13.bib},
  bibsource = {dblp computer science bibliography, https://dblp.org}
}

@article{DBLP:journals/sigmod/HirzelBBVSV18,
  author    = {Martin Hirzel and
               Guillaume Baudart and
               Angela Bonifati and
               Emanuele Della Valle and
               Sherif Sakr and
               Akrivi Vlachou},
  title     = {Stream Processing Languages in the Big Data Era},
  journal   = {{SIGMOD} Rec.},
  volume    = {47},
  number    = {2},
  pages     = {29--40},
  year      = {2018},
  url       = {https://doi.org/10.1145/3299887.3299892},
  doi       = {10.1145/3299887.3299892},
  timestamp = {Fri, 06 Mar 2020 21:56:27 +0100},
  biburl    = {https://dblp.org/rec/journals/sigmod/HirzelBBVSV18.bib},
  bibsource = {dblp computer science bibliography, https://dblp.org}
}

@inproceedings{DBLP:conf/acsac/KoFL94,
  author    = {Calvin Ko and
               George Fink and
               Karl N. Levitt},
  title     = {Automated detection of vulnerabilities in privileged programs by execution
               monitoring},
  booktitle = {10th Annual Computer Security Applications Conference, {ACSAC} 1994,
               5-9 December, 1994 Orlando, FL, {USA}},
  pages     = {134--144},
  publisher = {{IEEE}},
  year      = {1994},
  url       = {https://doi.org/10.1109/CSAC.1994.367313},
  doi       = {10.1109/CSAC.1994.367313},
  timestamp = {Wed, 16 Oct 2019 14:14:56 +0200},
  biburl    = {https://dblp.org/rec/conf/acsac/KoFL94.bib},
  bibsource = {dblp computer science bibliography, https://dblp.org}
}

@book{Mcmahon1979sed,
  title={SED: a Non-interactive Text Editor},
  author={McMahon, Lee E},
  year={1979},
  publisher={Bell Telephone Laboratories}
}
@inproceedings{DBLP:conf/issre/MooreCFW19,
  author    = {Preston Moore and
               Justin Cappos and
               Phyllis G. Frankl and
               Thomas Wies},
  editor    = {Katinka Wolter and
               Ina Schieferdecker and
               Barbara Gallina and
               Michel Cukier and
               Roberto Natella and
               Naghmeh Ramezani Ivaki and
               Nuno Laranjeiro},
  title     = {Charting a Course Through Uncertain Environments: {SEA} Uses Past
               Problems to Avoid Future Failures},
  booktitle = {30th {IEEE} International Symposium on Software Reliability Engineering,
               {ISSRE} 2019, Berlin, Germany, October 28-31, 2019},
  pages     = {1--12},
  publisher = {{IEEE}},
  year      = {2019},
  url       = {https://doi.org/10.1109/ISSRE.2019.00011},
  doi       = {10.1109/ISSRE.2019.00011},
  timestamp = {Mon, 28 Dec 2020 11:31:03 +0100},
  biburl    = {https://dblp.org/rec/conf/issre/MooreCFW19.bib},
  bibsource = {dblp computer science bibliography, https://dblp.org}
}

@inproceedings{DBLP:conf/uss/Provos03,
  author    = {Niels Provos},
  title     = {Improving Host Security with System Call Policies},
  booktitle = {Proceedings of the 12th {USENIX} Security Symposium, Washington, D.C.,
               USA, August 4-8, 2003},
  publisher = {{USENIX} Association},
  year      = {2003},
  url       = {https://www.usenix.org/conference/12th-usenix-security-symposium/improving-host-security-system-call-policies},
  timestamp = {Mon, 01 Feb 2021 08:43:16 +0100},
  biburl    = {https://dblp.org/rec/conf/uss/Provos03.bib},
  bibsource = {dblp computer science bibliography, https://dblp.org}
}

@inproceedings{DBLP:conf/sp/SekarBDB01,
  author    = {R. Sekar and
               M. Bendre and
               D. Dhurjati and
               P. Bollineni},
  title     = {A Fast Automaton-Based Method for Detecting Anomalous Program Behaviors},
  booktitle = {2001 {IEEE} Symposium on Security and Privacy, Oakland, California,
               {USA} May 14-16, 2001},
  pages     = {144--155},
  publisher = {{IEEE} Computer Society},
  year      = {2001},
  url       = {https://doi.org/10.1109/SECPRI.2001.924295},
  doi       = {10.1109/SECPRI.2001.924295},
  timestamp = {Wed, 16 Oct 2019 14:14:51 +0200},
  biburl    = {https://dblp.org/rec/conf/sp/SekarBDB01.bib},
  bibsource = {dblp computer science bibliography, https://dblp.org}
}

@inproceedings{DBLP:conf/sp/WarrenderFP99,
  author    = {Christina Warrender and
               Stephanie Forrest and
               Barak A. Pearlmutter},
  title     = {Detecting Intrusions using System Calls: Alternative Data Models},
  booktitle = {1999 {IEEE} Symposium on Security and Privacy, Oakland, California,
               USA, May 9-12, 1999},
  pages     = {133--145},
  publisher = {{IEEE} Computer Society},
  year      = {1999},
  url       = {https://doi.org/10.1109/SECPRI.1999.766910},
  doi       = {10.1109/SECPRI.1999.766910},
  timestamp = {Wed, 16 Oct 2019 14:14:51 +0200},
  biburl    = {https://dblp.org/rec/conf/sp/WarrenderFP99.bib},
  bibsource = {dblp computer science bibliography, https://dblp.org}
}

